@article{
	fan2018handling,
	title={{Handling distributed XML queries over large XML data based on MapReduce framework}},
	author={Fan, Hongjie and Ma, Zhiyi and Wang, Dianhui and Liu, Junfei},
	journal={Information Sciences},
	volume={453},
	pages={1--20},
	year={2018},
	publisher={Elsevier}
}

@inproceedings{
	oem,
	title = {{Object exchange across heterogeneous information sources}},
	author={Papakonstantinou, Yannis and Garcia-Molina, Hector and Widom, Jennifer},
	booktitle={Proceedings of the eleventh international conference on data engineering},
	pages={251--260},
	year={1995},
	organization={IEEE}
}

@techreport{
	dataguides,
 	title={{Dataguides}: {Enabling} query formulation and optimization in semistructured databases},
 	author={Goldman, Roy and Widom, Jennifer},
 	year={1997},
 	institution={Stanford}
}

@inproceedings{
	zaharia2012resilient,
	title={{Resilient distributed datasets: A fault-tolerant abstraction for in-memory cluster computing}},
	author={Zaharia, Matei and Chowdhury, Mosharaf and Das, Tathagata and Dave, Ankur and Ma, Justin and McCauley, Murphy and Franklin, Michael J and Shenker, Scott and Stoica, Ion},
	booktitle={Proceedings of the 9th USENIX conference on Networked Systems Design and Implementation},
	pages={2--2},
	year={2012},
	organization={USENIX Association}
}

@article{
	mapreduce,
	title={{MapReduce}: simplified data processing on large clusters},
	author={Dean, Jeffrey and Ghemawat, Sanjay},
	journal={Communications of the ACM},
	volume={51},
	number={1},
	pages={107--113},
	year={2008},
	publisher={ACM}
}

@inproceedings{
	hdfs,
	title={The hadoop distributed file system.},
	author={Shvachko, Konstantin and Kuang, Hairong and Radia, Sanjay and Chansler, Robert and others},
	booktitle={MSST},
	volume={10},
	pages={1--10},
	year={2010}
}

@techreport{
	rfc7303,
	author = {H. Thompson, C. Lilley},
	title = {{XML Media Types}},
	type = {RFC},
	number = 7303,
	year = 2014,
	month = {July},	
	issn = {2070-1721},
	publisher = {RFC Editor},
	institution = {RFC Editor},
	url = {https://www.rfc-editor.org/rfc/rfc7303.txt}
}
@article{
	khan2014big,
	title={Big data: survey, technologies, opportunities, and challenges},
	author={Khan, Nawsher and Yaqoob, Ibrar and Hashem, Ibrahim Abaker Targio and Inayat, Zakira and Ali, Mahmoud and Kamaleldin, Waleed and Alam, Muhammad and Shiraz, Muhammad and Gani, Abdullah},
	journal={The Scientific World Journal},
	volume={2014},
	year={2014},
	publisher={Hindawi}
}

@article{
	gantz2011extracting,
	title={Extracting value from chaos},
	author={Gantz, John and Reinsel, David},
	journal={IDC iview},
	volume={1142},
	number={2011},
	pages={1--12},
	year={2011}
}

@mastersthesis{
	veracityModel,
	author = {陳宇威(2017)},
	title = "巨量{XML}真實程度模型之建構與介面設計",
	type = "碩士論文",
	school = {國立臺中科技大學},
	address = {台中市}
}

@mastersthesis{
	eiffcientXML,
	author = {曾偉誠(2015)},
	title = {雲端運算之{XML}巨量資料處理機制設計},
	type = "碩士論文",
	school = {國立臺中科技大學},
	address = {台中市}
}

@misc{
  hadoopwebsite,
  title = {Apache Hadoop},
  howpublished = {\url{https://hadoop.apache.org}},
  note = {Retrieved on December, 2018}
}

@misc{
  sparkwebsite,
  title = {Apache Spark},
  howpublished = {\url{https://spark.apache.org}},
  note = {Retrieved on October, 2018}
}

@misc{
	ibm5v,
    title = {{The 5V's of big data}},
	howpublished ={\url{https://www.ibm.com/blogs/watson-health/the-5-vs-of-big-data}},
	note = {Retrieved on July, 2019}
}

@misc{
	w3sxml,
	title = {{Introduction to XML}},
	howpublished = {\url{https://www.w3schools.com/xml/xml_whatis.asp}},
	note = {Retrieved on July, 2019}
}

@misc{
	xmlgen,
	title = {The Data Generation Tool -- xmlgen},
	howpublished = {\url{https://projects.cwi.nl/xmark/downloads.html}},
	note = {Retrieved on January, 2019}
}

@article{
	tai1979tree,
  title={The tree-to-tree correction problem},
  author={Tai, Kuo-Chung},
  journal={Journal of the ACM (JACM)},
  volume={26},
  number={3},
  pages={422--433},
  year={1979},
  publisher={ACM}
}

@article{
  2005xml,
  title={{XML} 數據相似度研究},
  author={張丙奇、白碩 and 趙章界},
  journal={Computer Engineering},
  volume={31},
  number={11},
  year={2005}
}

@article{
	algergawy2010element,
  title={Element similarity measures in XML schema matching},
  author={Algergawy, Alsayed and Nayak, Richi and Saake, Gunter},
  journal={Information Sciences},
  volume={180},
  number={24},
  pages={4975--4998},
  year={2010},
  publisher={Elsevier}
}

@misc{
	veracityimpor,
	title = {Veracity: The Most Important {"V"} of Big Data},
	howpublished = {\url{https://www.gutcheckit.com/blog/veracity-big-data-v}},
	note = {Retrieved on November, 2018}
}

@inproceedings{
  tekli2006semantic,
  title={Semantic and Structure Based XML Similarity: An Integrated Approach.},
  author={Tekli, Joe and Chbeir, Richard and Yetongnon, Kokou},
  booktitle={COMAD},
  pages={27--38},
  year={2006},
  organization={Citeseer}
}

@article{tekli2012novel,
  title={A novel XML document structure comparison framework based-on sub-tree commonalities and label semantics},
  author={Tekli, Joe and Chbeir, Richard},
  journal={Web Semantics: Science, Services and Agents on the World Wide Web},
  volume={11},
  pages={14--40},
  year={2012},
  publisher={Elsevier}
}
@article{tekli2015approximate,
  title={Approximate XML structure validation based on document--grammar tree similarity},
  author={Tekli, Joe and Chbeir, Richard and Traina, Agma JM and Traina Jr, Caetano and Fileto, Renato},
  journal={Information Sciences},
  volume={295},
  pages={258--302},
  year={2015},
  publisher={Elsevier}
}

@article{bille2005survey,
  title={A survey on tree edit distance and related problems},
  author={Bille, Philip},
  journal={Theoretical computer science},
  volume={337},
  number={1-3},
  pages={217--239},
  year={2005},
  publisher={Elsevier}
}

@misc{
	dtd,
	title = {{Extensible Markup Language (XML) 1.0}},
	howpublished = {\url{https://www.w3.org/TR/REC-xml}},
    note = {Retrieved on December, 2018}
}

@misc{
	xsd,
	title = {{W3C XML Schema Definition Language (XSD) 1.1}},
	howpublished = {\url{https://www.w3.org/TR/xmlschema11-1}},
    note = {Retrieved on December, 2018}
}

@misc{
	oemweb,
	title = {{A Standard Textual Interchange Format for the Object Exchange Model (OEM)}},
	howpublished = {\url{http://infolab.stanford.edu/~mchughj/oemsyntax/oemsyntax.html}},
    note = {Retrieved on December, 2018}
}

@misc{
	prof,
	title = {{The Python Profilers}},
	howpublished = {\url{https://docs.python.org/3/library/profile.html}},
    note = {Retrieved on July, 2019}
}

@misc{
	dash,
	title = {{Dash operationalizes Python and R models at scale}},
	howpublished = {\url{https://plot.ly/dash}},
    note = {Retrieved on July, 2019}
}

@misc{
	usazipcode,
	title = {{The home of the U.S. Government's open data}},
	howpublished = {\url{https://www.data.gov}},
	note = {Reterieved on July, 2019}	
}

@misc{
	worldweather,
	title = {{Open Weather}},
	howpublished = {\url{https://openweathermap.org/}},
	note = {Reterieved on July, 2019}
	
}

@article{
  ristad1998learning,
  title={Learning string-edit distance},
  author={Ristad, Eric Sven and Yianilos, Peter N},
  journal={IEEE Transactions on Pattern Analysis and Machine Intelligence},
  volume={20},
  number={5},
  pages={522--532},
  year={1998},
  publisher={IEEE}
}
